<?xml version="1.0" encoding="UTF-8"?><collection xmlns="http://www.loc.gov/MARC21/slim"><record><leader>00465nam--2200133-i-4500</leader><controlfield tag="001">000007572</controlfield><controlfield tag="002">20161230</controlfield><controlfield tag="005">20161230201027</controlfield><controlfield tag="008">060222s1000------------r-----000-0-eng-d</controlfield><datafield ind1=" " ind2=" " tag="100"><subfield code="a">Berton, Micheline</subfield></datafield><datafield ind1=" " ind2=" " tag="245"><subfield code="a">Applications pacifiques des explosions nucleai es. 2-ere partie: geologie, seismologie, etude des sols, fracture des roches</subfield></datafield><datafield ind1=" " ind2=" " tag="260"><subfield code="a">Saclay, Centre D Etudes Nucleaires, 1965-1968</subfield></datafield><datafield ind1=" " ind2=" " tag="490"><subfield code="a">Bibliographie Cea-bib-63, 66, 129</subfield></datafield><datafield ind1=" " ind2=" " tag="852"><subfield code="a">621.039.9:016</subfield></datafield></record></collection>